
@article{chawla2002smote,
  title={SMOTE: synthetic minority over-sampling technique},
  author={Chawla, Nitesh V. and Bowyer, Kevin W. and Hall, Lawrence O. and Kegelmeyer, W. Philip},
  journal={Journal of artificial intelligence research},
  volume={16},
  pages={321--357},
  year={2002}
}

@inproceedings{japkowicz2000learning,
  title={Learning from imbalanced data sets: a comparison of various strategies},
  author={Japkowicz, Nathalie and others},
  booktitle={AAAI workshop on learning from imbalanced data sets},
  volume={68},
  pages={10--15},
  year={2000},
  organization={Menlo Park, CA}
}

@article{kingma2013auto,
  title={Auto-encoding variational bayes},
  author={Kingma, Diederik P and Welling, Max},
  journal={arXiv preprint arXiv:1312.6114},
  year={2013}
}

@article{provost2001robust,
  title={Robust classification for imprecise environments},
  author={Provost, Foster and Fawcett, Tom},
  journal={Machine learning},
  volume={42},
  number={3},
  pages={203--231},
  year={2001},
  publisher={Springer}
}

@article{rahman2013addressing,
  title={Addressing the class imbalance problem in medical datasets},
  author={Rahman, M Mostafizur and Davis, DN},
  journal={International Journal of Machine Learning and Computing},
  volume={3},
  number={2},
  pages={224},
  year={2013},
  publisher={IACSIT Press}
}
